<?xml version="1.0" encoding="UTF-8"?><collection><record><leader>06132ntm a2200673 a 4500</leader><controlfield tag="001">006836603</controlfield><controlfield tag="003">MiAaHDL</controlfield><controlfield tag="005">20190719000000.0</controlfield><controlfield tag="006">m        d        </controlfield><controlfield tag="007">cr bn ---auaua</controlfield><controlfield tag="008">090708s1684    xx            00| ||per d</controlfield><datafield tag="035" ind1=" " ind2=" "><subfield code="a">(MiU)006836603</subfield></datafield><datafield tag="035" ind1=" " ind2=" "><subfield code="a">sdr-miu006836603</subfield></datafield><datafield tag="040" ind1=" " ind2=" "><subfield code="a">MiU</subfield><subfield code="c">MiU</subfield><subfield code="e">amremm</subfield></datafield><datafield tag="043" ind1=" " ind2=" "><subfield code="a">n-us-mi</subfield><subfield code="a">a-ir---</subfield></datafield><datafield tag="100" ind1="1" ind2=" "><subfield code="6">880-01</subfield><subfield code="a">Mīr Khvānd, Muḥammad ibn Khāvandshāh,</subfield><subfield code="d">1433-1498.</subfield></datafield><datafield tag="240" ind1="1" ind2="0"><subfield code="6">880-02</subfield><subfield code="a">Rawz̤at al-ṣafāʼ.</subfield><subfield code="n">jild 8</subfield></datafield><datafield tag="245" ind1="1" ind2="0"><subfield code="6">880-03</subfield><subfield code="a">Khātimah-ʼi Tārīkh-i Rawz̤at al-ṣafā,</subfield><subfield code="f">[1095, i.e. 1684].</subfield></datafield><datafield tag="246" ind1="3" ind2=" "><subfield code="a">روضة الصفا جلد هشتم</subfield></datafield><datafield tag="246" ind1="3" ind2=" "><subfield code="a">Rawz̤at al-ṣafāʼ jild-i hashtum</subfield></datafield><datafield tag="246" ind1="3" ind2=" "><subfield code="i">Title from inscription on verso of final leaf (p.280):</subfield><subfield code="a">Rowda Toosapha</subfield></datafield><datafield tag="246" ind1="3" ind2=" "><subfield code="i">Title from inscription on 'title page' (p.3):</subfield><subfield code="a">خلاصه روضة الصفا</subfield></datafield><datafield tag="246" ind1="3" ind2="8"><subfield code="a">Roozut ol Sufa 8</subfield></datafield><datafield tag="246" ind1="3" ind2=" "><subfield code="a">خاتمه تاريخ روضه الصفا</subfield></datafield><datafield tag="260" ind1=" " ind2=" "><subfield code="c">[1684].</subfield></datafield><datafield tag="300" ind1=" " ind2=" "><subfield code="a">139 leaves :</subfield><subfield code="b">paper ;</subfield><subfield code="c">277 x 170 (220-235 x 95-100) mm. bound to 285 x 177 mm.</subfield></datafield><datafield tag="500" ind1=" " ind2=" "><subfield code="a">Shelfmark: Ann Arbor, University of Michigan, Special Collections Library, Isl. Ms. 860 v.8</subfield></datafield><datafield tag="500" ind1=" " ind2=" "><subfield code="a">Origin: As appears in colophon on p.279, transcription completed 12 Jumādá I 1095 [ca. 27 April 1684] (where numeral khamsah looks like reverse B).</subfield></datafield><datafield tag="500" ind1=" " ind2=" "><subfield code="a">Accompanying materials: a. Slip with note "counted for 1968/69 Annual Report" -- b. Scrap with inscription in ink describing contents "Rawḍat al-Safā vol. 6 [crossed through] 8 A.H. 1089" -- c. Slip with note "Persian MSS (Heyworth-Dunne?) with Meredith-Owens notes".</subfield></datafield><datafield tag="500" ind1=" " ind2=" "><subfield code="a">Former shelfmark: Mich. Isl. Ms. temp. no. 9 v.8</subfield></datafield><datafield tag="500" ind1=" " ind2=" "><subfield code="a">Binding: Boards covered in light brown leather perhaps once decorated in "marbled calf" manner ; Western style binding ; pastedowns and flyleaves in a dark blue wove paper ; spine in dark green and brown leather, gold-stamped with decorative bands and title "ROOZUT OL SUFA 8" ; edges of text block red-flecked ; sewn in white thread over four recessed cords ; worked Western style endbands, fairly good condition ; overall in fair condition though with deterioration of treated leather, joints splitting, etc. ; repairs to joints in light brown leather.</subfield></datafield><datafield tag="500" ind1=" " ind2=" "><subfield code="a">Support: non-European (likely Persian or Indian) laid paper of two main types ; opening (through p.98) in a type with 6-7 laid lines per cm. (vertical, fairly distinct) and single chain lines occasionally visible, thin and transluscent though quite sturdy, buff to beige in color, well-burnished ; thereafter (p.98 to close) in a type with 6 laid lines per cm. (vertical, somewhat distinct) and single chain lines faintly visible, cloudy formation, somewhat thick, sturdy, burnished, beige in color ; some pest damage, staining and tide lines.</subfield></datafield><datafield tag="500" ind1=" " ind2=" "><subfield code="a">Decoration: Keywords and headings rubricated ; overlining in red ; textual dividers in the form of inverted commas.</subfield></datafield><datafield tag="500" ind1=" " ind2=" "><subfield code="a">Script: Naskh and nastaʻlīq ; two elegant and compact Persianate hands ; opening through p.98 in naskh, partially but irregularly seriffed with slight effect of tilt to the left, curvilinear descenders, kāf mashkūlah (mashqūqah) preferred, pointing (for two and three dots) in strokes rather than distinct dots, closed and open counters ; p.99 to close in fine nastaʻlīq, serifless with effect of words descending to baseline, elongation and somewhat exaggerated thickness of horizontal strokes, pointing in strokes rather than distinct dots.</subfield></datafield><datafield tag="500" ind1=" " ind2=" "><subfield code="a">Layout: Written in 23 and 25 lines per page ; frame-ruled.</subfield></datafield><datafield tag="500" ind1=" " ind2=" "><subfield code="a">Collation: ii, 6 IV(48), IV-1 (55), 5 IV(95), IV-1 (102), 4 IV(134), IV-3 (139), ii ; exclusively quaternions ; quite tightly bound with sewing difficult to examine but middle of the quire marks in the form of black oblique strokes appear in the four outer corners of the central opening of each gathering ; catchwords present ; pagination in pencil, Western numerals, supplied during digitization (includes inner flyleaves).</subfield></datafield><datafield tag="500" ind1=" " ind2=" "><subfield code="a">Colophon: "Scribal," reads "السلام تاریخ شد تمام بتاریخ ١٢ شهر جمادى الاول سنه ١٠٩٥"</subfield></datafield><datafield tag="500" ind1=" " ind2=" "><subfield code="a">Explicit: "سیر فلک یاد بکامش مدام نامه امید بنامش تمام"</subfield></datafield><datafield tag="500" ind1=" " ind2=" "><subfield code="a">Incipit: "خاتمه در بدایع و صنایع و آنچه نکاشته کلک قدرت اوست ..."</subfield></datafield><datafield tag="500" ind1=" " ind2=" "><subfield code="a">Title from rubricated heading at opening on p.4.</subfield></datafield><datafield tag="500" ind1=" " ind2=" "><subfield code="a">Ms. codex.</subfield></datafield><datafield tag="510" ind1="4" ind2=" "><subfield code="a">B. Forbes Manz &amp; A. Beveridge, "Mīrkhwānd," In EI2.</subfield></datafield><datafield tag="510" ind1="4" ind2=" "><subfield code="a">Ḥājjī Khalīfah. Kashf al-ẓunūn,</subfield><subfield code="c">1/926</subfield></datafield><datafield tag="510" ind1="4" ind2=" "><subfield code="a">Storey,</subfield><subfield code="c">i, 92-101, 1236</subfield></datafield><datafield tag="510" ind1="4" ind2=" "><subfield code="a">Cat. Pers. MSS. Brit. Mus.,</subfield><subfield code="c">p.93 ff.</subfield></datafield><datafield tag="520" ind1="8" ind2=" "><subfield code="a">Fine copy of the eighth volume or Khātimah of the celebrated universal history Rawz̤at al-ṣafāʼ fī sīrat al-anbiyāʼ va al-mulūk va al-khulafāʼ by the Tīmūrid historian Muḥammad ibn Khvāndshāh Mīr Khvānd (d.1498) and completed by his nephew Ghiyās̲ al-Dīn Khvāndamīr (d.1535).</subfield></datafield><datafield tag="538" ind1=" " ind2=" "><subfield code="a">Mode of access: Internet.</subfield></datafield><datafield tag="541" ind1=" " ind2=" "><subfield code="c">Gift ;</subfield><subfield code="a">Acquired from Frank E. Nuttall (1875-1943).</subfield></datafield><datafield tag="546" ind1=" " ind2=" "><subfield code="a">Persian.</subfield></datafield><datafield tag="561" ind1=" " ind2=" "><subfield code="a">Former owners' / sellers' marks on 'title page' (p.3) include book price "قیمت هشتاد روپي" and statement "خلاصه روضه الصفا من البدايه الى النهايه لى م م م" ; inscription in ink on verso of final leaf (p.280, bound in upside down) "Rowda Toosapha" ; marginal corrections.</subfield></datafield><datafield tag="650" ind1=" " ind2="0"><subfield code="a">Manuscripts, Persian</subfield><subfield code="z">Michigan</subfield><subfield code="z">Ann Arbor.</subfield></datafield><datafield tag="650" ind1=" " ind2="0"><subfield code="a">Geography</subfield><subfield code="v">Early works to 1800.</subfield></datafield><datafield tag="650" ind1=" " ind2="0"><subfield code="a">World history</subfield><subfield code="v">Early works to 1800.</subfield></datafield><datafield tag="651" ind1=" " ind2="0"><subfield code="a">Iran</subfield><subfield code="x">History</subfield><subfield code="v">Early works to 1800.</subfield></datafield><datafield tag="700" ind1="1" ind2=" "><subfield code="a">Nuttall, Frank E.,</subfield><subfield code="d">1875-1943,</subfield><subfield code="e">former owner.</subfield></datafield><datafield tag="773" ind1="0" ind2=" "><subfield code="a">F. E. Nuttall Collection.</subfield></datafield><datafield tag="880" ind1="1" ind2="0"><subfield code="6">245-03/</subfield><subfield code="a">خاتمۀ تاریخ روضه الصفا,</subfield><subfield code="f">1095ه, 1684م].</subfield></datafield><datafield tag="880" ind1="1" ind2="0"><subfield code="6">240-02/</subfield><subfield code="a">روضة الصفا.</subfield><subfield code="n">جلد 8</subfield></datafield><datafield tag="880" ind1="1" ind2=" "><subfield code="6">100-01/</subfield><subfield code="a">مير جواند، محمد بن جواندشاه.</subfield></datafield><datafield tag="CID" ind1=" " ind2=" "><subfield code="a">006836603</subfield></datafield><datafield tag="DAT" ind1="0" ind2=" "><subfield code="a">20190719102641.0</subfield><subfield code="b">20190719000000.0</subfield></datafield><datafield tag="DAT" ind1="1" ind2=" "><subfield code="a">20190719090653.0</subfield><subfield code="b">2019-07-19T16:10:53Z</subfield></datafield><datafield tag="DAT" ind1="2" ind2=" "><subfield code="a">2015-10-02T18:00:03Z</subfield></datafield><datafield tag="CAT" ind1=" " ind2=" "><subfield code="a">SDR-MIU</subfield><subfield code="d">EX LIBRIS - ALEPH</subfield><subfield code="l">prepare.pl-004-008</subfield></datafield><datafield tag="FMT" ind1=" " ind2=" "><subfield code="a">BK</subfield></datafield><datafield tag="HOL" ind1=" " ind2=" "><subfield code="0">sdr-miu006836603</subfield><subfield code="a">MiU</subfield><subfield code="b">SDR</subfield><subfield code="c">MIU</subfield><subfield code="p">mdp.39015079132372</subfield><subfield code="s">MIU</subfield><subfield code="1">006836603</subfield></datafield><datafield tag="974" ind1=" " ind2=" "><subfield code="b">MIU</subfield><subfield code="c">MIU</subfield><subfield code="d">20190719</subfield><subfield code="s">lit-dlps-dc</subfield><subfield code="u">mdp.39015079132372</subfield><subfield code="y">1684</subfield><subfield code="r">pd</subfield><subfield code="q">bib</subfield><subfield code="t">non-US bib date1 &lt; 1879</subfield></datafield></record></collection>